%% LaTeX2e file `mybib.bib'
%% generated by the `filecontents' environment
%% from source `Oblig1' on 2017/09/26.
%%
@book{Langtangen-2016,
   author    = "Hans Petter Langtangen \& Svein Linge",
   title     = "Finite Difference Computing
with PDEs - A Modern Software
Approach",
   publisher = "Center for Biomedical Computing, Simula Research Laboratory
Department of Informatics, University of Oslo
Department of Process, Energy and Environmental Technology,
University College of Southeast Norway",
   address   = "\url{https://hplgit.github.io/fdm-book/doc/pub/book/pdf/fdm-book-4screen.pdf}",
   pages   = "247--288",
   year      = "2016"
}

@unpublished{Analytical1D-Diffusion,
   title     = "The {D}iffusion {E}quation",
   author = "University of Munster, Institute of Theoretical Physics",
   note   = "\url{http://pauli.uni-muenster.de/tp/fileadmin/lehre/NumMethoden/WS0910/ScriptPDE/Heat.pdf}"
}

